@manual{link:mecanum,
	title = {Driving Mecanum Wheels Omnidirectional Robots},
	organization = {RoboteQ},
	month = {Oktober},
	year = {2015},
	address = {\url{https://www.roboteq.com/index.php/applications/applications-blog/entry/driving-mecanum-wheels-omnidirectional-robots}},
}

@manual{link:mecanum44,
	title = {44mm Mecanum Wheel},
	author    = {Jonah Innoart},
	month = {Februrar},
	year = {2016},
	address = {\url{http://www.thingiverse.com/thing:1358552}},
}



@book{book:latex,
 author    = {Helmut Kopka},
 title     = {Latex Einführung},
 series    = {Scientific Tools},
 publisher = {Addison Wesley},
 year      = {2000},
 edition   = {3},
 note      = {521 Seiten},
 comments= {
---
Hier können freie Anmerkungen hinterlegt werden, welche nicht mit im
Literaturverzeichnis auftauchen.

Zum Beispiel:
Behandelt Latex.
Kapitel 1: Grundlagen
usw.
---}
}

@manual{link:texniccenter1,
 organization = {Sourceforge},
 title   = {Project: TeXnicCenter: Summary},
 month   = {August},
 year    = {2005},
 address = {\url{http://sourceforge.net/projects/texniccenter}},
 note    = {Projektseite der Software TeXnicCenter, einer Entwicklungsumgebung
            für LaTeXdokumente unter Microsoft Windows},
 comments= {
---
---}
}

@manual{link:texniccenter2,
 organization = {ToolsCenter.org},
 title   = {TeXnicCenter},
 month   = {August},
 year    = {2005},
 address = {\url{http://www.texniccenter.org}},
 note    = {Homepage des Projektes TeXnicCenter, einer Entwicklungsumgebung
            für LaTeXdokumente unter Microsoft Windows},
 comments= {
---
---}
}

@manual{link:kile,
 organization = {KDE},
 title   = {Kile - an integrated LaTeX environment},
 month   = {August},
 year    = {2005},
 address = {\url{http://kile.sourceforge.net}},
 note    = {Homepage der LaTeX-Entwicklungsumgebung
            Kile für KDE bzw. GNU/Linux},
 comments= {
---
---}
}

@manual{link:acrobatreader,
 organization = {Adobe},
 title   = {Adobe Reader - Herunterladen},
 month   = {August},
 year    = {2005},
 address = {\url{http://www.adobe.de/products/acrobat/readstep2.html}},
 note    = {Der PDF-Betrachter Acrobat Reader},
 comments= {
---
---}
}

@manual{link:miktex,
 organization = {Sourceforge},
 title   = {MiKTeX Project Page},
 month   = {August},
 year    = {2005},
 address = {\url{http://www.miktex.org}},
 note    = {MiKTeX is an up-to-date TeX implementation for the Windows operating system.},
 comments= {
---
---}
}

@manual{link:ghostview,
 organization = {Ghostview},
 title   = {Ghostscript, Ghostview and GSview},
 month   = {August},
 year    = {2005},
 address = {\url{http://www.cs.wisc.edu/~ghost}},
 note    = {Welcome to the Home Page for Ghostscript, an interpreter for the
           PostScript language and for PDF, and related software and documentation.},
 comments= {
---
---}
}

@manual{link:imagemagick,
 organization = {ImageMagick Studio LLC},
 title   = {ImageMagick: Convert, Edit and Compose Images},
 month   = {August},
 year    = {2005},
 address = {\url{http://www.imagemagick.org/script/index.php}},
 note    = {ImageMagick, version 6.2.3, is a free software suite
            to create, edit, and compose bitmap images. It can
            read, convert and write images in a large variety
            of formats.},
 comments= {
---
---}
}

@manual{link:latexkochbuch,
 organization = {Universität Gießen},
 title   = {Kochbuch für LaTeX},
 month   = {Januar},
 year    = {1995},
 address = {\url{http://www.uni-giessen.de/hrz/tex/cookbook/cookbook.html}},
 note    = {Dieser Text beschreibt in Form eines Kochbuches LaTeX-Textteile.},
 comments= {
---
---}
}

